
@IEEEtranBSTCTL{IEEEexample:BSTcontrol,
  CTLuse_forced_etal="yes",
  CTLmax_names_forced_etal="4",
  CTLnames_show_etal="4" 
}

@article{mathew2011metrics,
    title={Metrics for ergodicity and design of ergodic dynamics for multi-agent systems},
    journal={Physica D: Nonlinear Phenomena},
    volume={240},
    number={4},
    pages={432--442},
    year={2011},
    issn={0167-2789},
    doi={10.1016/j.physd.2010.10.010},
    author={George Mathew and Igor Mezi{\'c}}
}

@inbook{calinon2020mixture,
    author={Calinon, Sylvain},
    title={Mixture models for the analysis, edition, and synthesis of continuous time series},
    booktitle={Mixture models and applications},
    year={2020},
    publisher={Springer},
    pages={39--57},
    isbn={978-3-030-23876-6},
    doi={10.1007/978-3-030-23876-6_3},
}

@article{miller2016ergodic,
  author={Miller, Lauren M. and Silverman, Yonatan and MacIver, Malcolm A. and Murphey, Todd D.},
  journal={IEEE Transactions on Robotics}, 
  title={Ergodic exploration of distributed information}, 
  year={2016},
  volume={32},
  number={1},
  pages={36--52},
  doi={10.1109/TRO.2015.2500441}
}

@inproceedings{ayvali2017ergodic,
  author={Ayvali, Elif and Salman, Hadi and Choset, Howie},
  booktitle={IEEE/RSJ International Conference on Intelligent Robots and Systems (IROS)},
  title={Ergodic coverage in constrained environments using stochastic trajectory optimization},
  year={2017},
  pages={5204--5210},
  doi={10.1109/IROS.2017.8206410}
}

@inproceedings{prabhakar2020ergodic,
  title={Ergodic specifications for flexible swarm control: From user commands to persistent adaptation},
  author={Prabhakar, Ahalya and Abraham, Ian and Taylor, Annalisa and Schlafly, Millicent and Popovic, Katarina and Diniz, Giovani and Teich, Brendan and Simidchieva, Borislava and Clark, Shane and Murphey, Todd},
  booktitle={Conference on Robotics: Science and Systems (RSS)},
  year={2020},
  pages={9}
}

@inproceedings{dong2023time,
  title={Time optimal ergodic search},
  author={Dong, Dayi and Berger, Henry and Abraham, Ian},
  booktitle={Conference on Robotics: Science and Systems (RSS)},
  year={2023},
  pages={13}
}

@article{zhang2018online,
  title={Online estimation of battery equivalent circuit model parameters and state of charge using decoupled least squares technique},
  journal={Energy},
  volume={142},
  pages={678--688},
  year={2018},
  issn={0360-5442},
  doi={10.1016/j.energy.2017.10.043},
  author={Cheng Zhang and Walid Allafi and Quang Dinh and Pedro Ascencio and James Marco},
}

@inproceedings{hasan2018exogenous,
  title={{eX}ogenous {K}alman filter for state-of-charge estimation in lithium-ion batteries},
  author={Hasan, Agus and Skriver, Martin and Johansen, Tor Arne},
  booktitle={IEEE Conference on Control Technology and Applications (CCTA)},
  pages={1403--1408},
  year={2018}
}

@article{hinz2019comparison,
  author={Hinz, Hartmut},
  title={Comparison of lithium-ion battery models for simulating storage systems in distributed power generation},
  journal={Inventions},
  volume={4},
  year={2019},
  issn={2411-5134},
  pages={22},
  doi={10.3390/inventions4030041}
}

@article{xiaosong2012comparative,
  title={A comparative study of equivalent circuit models for {L}i-ion batteries},
  journal={Journal of Power Sources},
  volume={198},
  pages={359--367},
  year={2012},
  issn={0378-7753},
  doi={10.1016/j.jpowsour.2011.10.013},
  author={Xiaosong Hu and Shengbo Li and Huei Peng}
}

@article{zhao2017observability,
  author={Zhao, Shi and Duncan, Stephen R. and Howey, David A.},
  journal={IEEE Transactions on Control Systems Technology}, 
  title={Observability Analysis and State Estimation of Lithium-Ion Batteries in the Presence of Sensor Biases}, 
  year={2017},
  volume={25},
  number={1},
  pages={326--333},
  doi={10.1109/TCST.2016.2542115}
}

@article{mousavi2014various,
  title={Various battery models for various simulation studies and applications},
  journal={Renewable and Sustainable Energy Reviews},
  volume={32},
  pages={477--485},
  year={2014},
  issn={1364-0321},
  doi={10.1016/j.rser.2014.01.048},
  author={S.M. {Mousavi G.} and M. Nikdel}
}

@inproceedings{seewald2022energy,
  title={Energy-aware planning-scheduling for autonomous aerial robots},
  author={Seewald, Adam and Garc{\'i}a de Marina, H{\'e}ctor and Midtiby, Henrik Skov and Schultz, Ulrik Pagh},
  booktitle={IEEE/RSJ International Conference on Intelligent Robots and Systems (IROS)},
  pages={2946--2953},
  year={2022},
  doi={10.1109/IROS47612.2022.9981285},
}

@phdthesis{seewaldphdthesis,
  title={Energy-aware coverage planning and scheduling for autonomous aerial robots},
  author={Seewald, Adam},
  year={2021},
  edition={1},
  pages={184},
  school={Syddansk Universitet},
  DOI={10.21996/7ka6-r457},
  type={Ph.D. thesis},
  note={{\tt\footnotesize\href{https://doi.org/10.21996/7ka6-r457}{doi.org/10.21996/7ka6-r457}}}
}

@inproceedings{miller2013trajectory,
  author={Miller, Lauren M. and Murphey, Todd D.},
  booktitle={IEEE American Control Conference (ACC)}, 
  title={Trajectory optimization for continuous ergodic exploration}, 
  year={2013},
  pages={4196--4201},
  doi={10.1109/ACC.2013.6580484}
}

@inproceedings{coffin2022multi,
  author={Coffin, Howard and Abraham, Ian and Sartoretti, Guillaume and Dillstrom, Tyler and Choset, Howie},
  booktitle={IEEE International Conference on Robotics and Automation (ICRA)}, 
  title={Multi-agent dynamic ergodic search with low-information sensors},
  year={2022},
  pages={11480--11486},
  doi={10.1109/ICRA46639.2022.9812037}
}

@article{abraham2021ergodic,
  author={Abraham, Ian and Prabhakar, Ahalya and Murphey, Todd D.},
  journal={IEEE Transactions on Automation Science and Engineering}, 
  title={An ergodic measure for active learning from equilibrium}, 
  year={2021},
  volume={18},
  number={3},
  pages={917--931},
  doi={10.1109/TASE.2020.3043636}
}

@inproceedings{lerch2023safety,
  author={Lerch, Cameron and Dong, Dayi and Abraham, Ian},
  booktitle={IEEE International Conference on Robotics and Automation (ICRA)}, 
  title={Safety-critical ergodic exploration in cluttered environments via control barrier functions}, 
  year={2023},
  pages={10205--10211},
  doi={10.1109/ICRA48891.2023.10161032}
}

@article{abraham2018decentralized,
  author={Abraham, Ian and Murphey, Todd D.},
  journal={IEEE Robotics and Automation Letters}, 
  title={Decentralized Ergodic Control: Distribution-Driven Sensing and Exploration for Multiagent Systems}, 
  year={2018},
  volume={3},
  number={4},
  pages={2987--2994},
  doi={10.1109/LRA.2018.2849588}
}

@inproceedings{patel2021multi,
  author={Patel, Shivang and Hariharan, Senthil and Dhulipala, Pranav and Lin, Ming C and Manocha, Dinesh and Xu, Huan and Otte, Michael},
  booktitle={IEEE International Conference on Robotics and Automation (ICRA)}, 
  title={Multi-agent ergodic coverage in urban environments}, 
  year={2021},
  pages={8764--8771},
  doi={10.1109/ICRA48506.2021.9561257}
}

@inproceedings{dressel2018optimality,
  author={Dressel, Louis and Kochenderfer, Mykel J.},
  booktitle={IEEE American Control Conference (ACC)}, 
  title={On the optimality of ergodic trajectories for information gathering tasks}, 
  year={2018},
  pages={1855--1861},
  doi={10.23919/ACC.2018.8430857}
}

@inproceedings{torre2016ergodic,
  author={De La Torre, Gerardo and Flaßkamp, Kathrin and Prabhakar, Ahalya and Murphey, Todd D.},
  booktitle={IEEE American Control Conference (ACC)}, 
  title={Ergodic exploration with stochastic sensor dynamics}, 
  year={2016},
  pages={2971--2976},
  doi={10.1109/ACC.2016.7525371}
}

@article{shetty2022ergodic,
  author={Shetty, Suhan and Silvério, Jo{\~a}o and Calinon, Sylvain},
  journal={IEEE Transactions on Robotics}, 
  title={Ergodic exploration using tensor train: Applications in insertion tasks}, 
  year={2022},
  volume={38},
  number={2},
  pages={906--921},
  doi={10.1109/TRO.2021.3087317}
}

@inproceedings{andersson2012casadi,
  author={Andersson, Joel and {\AA}kesson, Johan and Diehl, Moritz},
  title={{CasADi}: {A} symbolic package for automatic differentiation and optimal control},
  booktitle={Conference on Recent Advances in Algorithmic Differentiation (AD)},
  year={2012},
  publisher={Springer},
  pages={297--307},
  isbn={978-3-642-30023-3}
}

@article{wachter2006implementation,
  title={On the implementation of an interior-point filter line-search algorithm for large-scale nonlinear programming},
  author={W{\"a}chter, Andreas and Biegler, Lorenz T},
  journal={Mathematical Programming},
  volume={106},
  number={1},
  pages={25--57},
  year={2006},
  publisher={Springer}
}

@article{choset2001coverage,
  author={Howie Choset},
  title={Coverage for robotics--{A} survey of recent results},
  journal={Annals of Mathematics and Artificial Intelligence},
  year={2001},
  volume={31},
  pages={113--126}
}

@article{galceran2013survey,
  title={A survey on coverage path planning for robotics},
  journal={Robotics and Autonomous Systems},
  volume={61},
  number={12},
  pages={1258--1276},
  year={2013},
  issn={0921-8890},
  doi={10.1016/j.robot.2013.09.004},
  author={Enric Galceran and Marc Carreras}
}

@article{cabreira2019survey,
  author={Cabreira, Tau{\~a} M. and Brisolara, Lisane B. and Ferreira Jr., Paulo R.},
  title={Survey on coverage path planning with unmanned aerial vehicles},
  journal={Drones},
  volume={3},
  year={2019},
  number={1},
  issn={2504-446X},
  doi={10.3390/drones3010004},
  pages={38}
}

@inproceedings{mei2005case,
  title={A case study of mobile robot's energy consumption and conservation techniques},
  author={Mei, Yongguo and Lu, Yung-Hsiang and Hu, Y Charlie and Lee, CS George},
  booktitle={IEEE International Conference on Advanced Robotics (ICAR)},
  pages={492--497},
  year={2005}
}

@inproceedings{mei2004energy,
  title={Energy-efficient motion planning for mobile robots},
  author={Mei, Yongguo and Lu, Yung-Hsiang and Hu, Y Charlie and Lee, CS George},
  booktitle={IEEE International Conference on Robotics and Automation (ICRA)},
  volume={5},
  pages={4344--4349},
  year={2004}
}

@inproceedings{kim2005energy,
  title={Energy-saving 3-step velocity control algorithm for battery-powered wheeled mobile robots},
  author={Kim, Chong Hui and Kim, Byung Kook},
  booktitle={IEEE International Conference on Robotics and Automation (ICRA)},
  pages={2375--2380},
  year={2005}
}

@INPROCEEDINGS{ondruska2015scheduled,
  author={Ondr\'{u}\v{s}ka, Peter and Gur\u{a}u, Corina and Marchegiani, Letizia and Chi Hay Tong and Posner, Ingmar},
  booktitle={IEEE International Conference on Robotics and Automation (ICRA)}, 
  title={Scheduled perception for energy-efficient path following}, 
  year={2015},
  pages={4799--4806},
  doi={10.1109/ICRA.2015.7139866}
}

@inproceedings{sudhakar2020balancing,
 title={Balancing actuation and computing energy in motion planning},
 author={Sudhakar, Soumya and Karaman, Sertac and Sze, Vivienne},
 booktitle={IEEE International Conference on Robotics and Automation (ICRA)},
 pages={4259--4265},
 year={2020}
}

@inproceedings{difranco2015energy,
  author={Di Franco, Carmelo and Buttazzo, Giorgio},
  booktitle={IEEE International Conference on Autonomous Robot Systems and Competitions (ICARSC)}, 
  title={Energy-aware coverage path planning of {UAV}s}, 
  year={2015},
  pages={111--117},
  doi={10.1109/ICARSC.2015.17}
}

@article{difranco2016coverage,
  title={Coverage path planning for {UAV}s photogrammetry with energy and resolution constraints},
  author={Di Franco, Carmelo and Buttazzo, Giorgio},
  journal={Journal of Intelligent \& Robotic Systems},
  volume={83},
  number={3},
  pages={445--462},
  year={2016},
  publisher={Springer}
}


@ARTICLE{cabreira2018energy,
  author={Cabreira, Tau{\~a} M. and Franco, Carmelo Di and Ferreira Jr., Paulo R. and Buttazzo, Giorgio C.},
  journal={IEEE Robotics and Automation Letters}, 
  title={Energy-aware spiral coverage path planning for {UAV} photogrammetric applications}, 
  year={2018},
  volume={3},
  number={4},
  pages={3662--3668},
  doi={10.1109/LRA.2018.2854967}
}

@INPROCEEDINGS{wei2018coverage,
  author={Wei, Minghan and Isler, Volkan},
  booktitle={IEEE International Conference on Robotics and Automation (ICRA)}, 
  title={Coverage path planning under the energy constraint}, 
  year={2018},
  pages={368--373},
  doi={10.1109/ICRA.2018.8462867}
}

@ARTICLE{shnaps2016online,
  author={Shnaps, Iddo and Rimon, Elon},
  journal={IEEE Transactions on Automation Science and Engineering}, 
  title={Online coverage of planar environments by a battery powered autonomous mobile robot}, 
  year={2016},
  volume={13},
  number={2},
  pages={425--436},
  doi={10.1109/TASE.2016.2515165}
}

@ARTICLE{jensen2021near,
  author={Jensen-Nau, Katharin R. and Hermans, Tucker and Leang, Kam K.},
  journal={IEEE Transactions on Automation Science and Engineering}, 
  title={Near-optimal area-coverage path planning of energy-constrained aerial robots with application in autonomous environmental monitoring}, 
  year={2021},
  volume={18},
  number={3},
  pages={1453-1468},
  doi={10.1109/TASE.2020.3016276}
}

@ARTICLE{abraham2017ergodic,
  author={Abraham, Ian and Prabhakar, Ahalya and Hartmann, Mitra J. Z. and Murphey, Todd D.},
  journal={IEEE Robotics and Automation Letters}, 
  title={Ergodic exploration using binary sensing for nonparametric shape estimation},
  year={2017},
  volume={2},
  number={2},
  pages={827--834},
  doi={10.1109/LRA.2017.2654542}
}

@INPROCEEDINGS{rao2023multi,
  author={Rao, Ananya and Breitfeld, Abigail and Candela, Alberto and Jensen, Benjamin and Wettergreen, David and Choset, Howie},
  booktitle={IEEE International Conference on Robotics and Automation (ICRA)}, 
  title={Multi-objective ergodic search for dynamic information maps}, 
  year={2023},
  pages={10197--10204},
  doi={10.1109/ICRA48891.2023.10160642}
}

@ARTICLE{ren2023pareto,
  author={Ren, Zhongqiang and Srinivasan, Akshaya Kesarimangalam and Vundurthy, Bhaskar and Abraham, Ian and Choset, Howie},
  journal={IEEE Transactions on Robotics}, 
  title={A Pareto-Optimal Local Optimization Framework for Multiobjective Ergodic Search}, 
  year={2023},
  pages={1-12},
  doi={10.1109/TRO.2023.3284358}
}

